%% This BibTeX bibliography file was created using BibDesk.
%% http://bibdesk.sourceforge.net/

%% Saved with string encoding Unicode (UTF-8) 
 \usepackage{url}

@misc{depIn,
    author   = {Andrew Binstock},
    title    = {{Excellent Explanation of Dependency Injection (Inversion of Control)}},
    howpublished = "\url{https://www.javaworld.com/article/2071914/excellent-explanation-of-dependency-injection--inversion-of-control-.html}",
    year        = {2008},
    note     = "[Online; accessed 29-September-2017]"
}
@misc{IoCC,
    author    = {Martin Fowler},
    title     = {{Inversion of Control Containers and the Dependency Injection pattern}},
    howpublished = "\url{https://martinfowler.com/articles/injection.html}",
    year     = {2004},
    note     = "[Online; accessed 29-September-2017]"
}

@misc{history,
    title     = {{Inversion of Control History}},
    howpublished = "\url{http://picocontainer.com/inversion-of-control-history.html}",
    note     = "[Online; accessed 29-September-2017]"
}

@misc{coreTec,
    title     = {{Core Technologies}},
    howpublished = "\url{https://docs.spring.io/spring/docs/current/spring-framework-reference/core.html#beans}",
    year     = {2017},
    note     = "[Online; accessed 20-August-2017]"
}

@misc{javaBrains,
    author    = {Java Brains},
    title     = {{Spring Framework}},
    howpublished = "\url{https://www.youtube.com/watch?v=GB8k2-Egfv0&list=PLC97BDEFDCDD169D7}",
    year     = {2011},
    note     = "[Online; accessed 15-August-2017]"
}

@misc{javaReflection,
    author    = {Derek Banas},
    title     = {{Java Reflection Tutorial}},
    howpublished = "\url{https://www.youtube.com/watch?v=agnblS47F18}",
    year     = {2012},
   note     = "[Online; accessed 18-August-2017]"
}

@misc{Xmisc,
    author    = {Telusko Learnings},
    title     = {{Annotations in Java}},
    howpublished = "\url{https://www.youtube.com/watch?v=rWlHQnvrZcw}",
    year     = {2016},
    note     = "[Online; accessed 10-September-2017]"
}

@misc{Spring,
    title     = {{Spring Tutorial}},
    howpublished = "\url{https://www.tutorialspoint.com/spring/index.htm}",
    note     = "[Online; accessed 25-August-2017]"
}

@misc{Base,
    author    = {BASE Logic},
    title     = {{Creating and processing custom Java annotations}},
    howpublished = "\url{https://www.youtube.com/watch?v=J2GohD6r8Co}",
    year     = {2017},
    note     = "[Online; accessed 10-September-2017]"
}


@misc{Dom,
    title     = {Java DOM Parser},
    howpublished = "\url{https://www.tutorialspoint.com/java_xml/java_dom_parser.htm}",
    note     = "[Online; accessed 26-August-2017]"
}

@misc{Paranemer,
    title     = {Paranamer},
    howpublished = "\url{https://github.com/paul-hammant/paranamer}",
    note     = "[Online; accessed 23-September-2017]"
}


